@misc{CrazyCatGang2024,
  title        = {Crazy Cat Gang},
  author       = {CCG},
  year         = 2024,
  note         = {Acesso em 13 de outubro de 2024.},
  howpublished = {\url{https://crazycatgang.com.br}}
}
