@misc{CrazyCatGang2024,
  title        = {Crazy Cat Gang},
  author       = {CCG},
  year         = 2024,
  note         = {Acesso em 13 de outubro de 2024.},
  howpublished = {\url{https://crazycatgang.com.br}}
}

@misc{RFC4868,
  title        = {Using HMAC-SHA-256, HMAC-SHA-384, and HMAC-SHA-512 with IPsec},
  author       = {IEFT},
  year         = 2007,
  note         = {Acesso em 26 de outubro de 2024.},
  howpublished = {\url{https://datatracker.ietf.org/doc/html/rfc4868}}
}

@misc{RFC7519,
  title        = {JSON Web Token (JWT)},
  author       = {IEFT},
  year         = 2015,
  note         = {Acesso em 13 de outubro de 2024.},
  howpublished = {\url{https://datatracker.ietf.org/doc/html/rfc7519}}
}

@misc{RFC6265,
  title        = {HTTP State Management Mechanism},
  author       = {IEFT},
  year         = 2011,
  note         = {Acesso em 13 de outubro de 2024.},
  howpublished = {\url{https://datatracker.ietf.org/doc/html/rfc6265}}
}

@misc{RFC4648,
  title        = {The Base16, Base32, and Base64 Data Encodings},
  author       = {IEFT},
  year         = 2006,
  note         = {Acesso em 26 de outubro de 2024.},
  howpublished = {\url{https://datatracker.ietf.org/doc/html/rfc4648}}
}